@INPROCEEDINGS{DESsim,
   author = {{Mohr}, J.~J. and {Adams}, D. and {Barkhouse}, W. and {Beldica}, C. and 
	{Bertin}, E. and {Cai}, Y.~D. and {da Costa}, L.~A.~N. and {Darnell}, J.~A. and 
	{Daues}, G.~E. and {Jarvis}, M. and {Gower}, M. and {Lin}, H. and 
	{Martelli}, L. and {Neilsen}, E. and {Ngeow}, C.-C. and {Ogando}, R.~L.~C. and 
	{Parga}, A. and {Sheldon}, E. and {Tucker}, D. and {Kuropatkin}, N. and 
	{Stoughton}, C.},
    title = "{The Dark Energy Survey data management system}",
booktitle = {Society of Photo-Optical Instrumentation Engineers (SPIE) Conference Series},
     year = 2008,
   series = {Society of Photo-Optical Instrumentation Engineers (SPIE) Conference Series},
   volume = 7016,
archivePrefix = "arXiv",
   eprint = {0807.2515},
    month = jul,
      eid = {70160L},
      doi = {10.1117/12.789550},
   adsurl = {http://adsabs.harvard.edu/abs/2008SPIE.7016E..17M},
  adsnote = {Provided by the SAO/NASA Astrophysics Data System}
}

@ARTICLE{Klaus,
   author = {{Honscheid}, K. and {DePoy}, D.~L.},
    title = "{The Dark Energy Camera (DECam)}",
  journal = {ArXiv e-prints},
archivePrefix = "arXiv",
   eprint = {0810.3600},
 keywords = {Astrophysics, High Energy Physics - Experiment, Physics - Instrumentation and Detectors},
     year = 2008,
    month = oct,
   adsurl = {http://adsabs.harvard.edu/abs/2008arXiv0810.3600H},
  adsnote = {Provided by the SAO/NASA Astrophysics Data System}
}

@ARTICLE{obscos,
   author = {{Weinberg}, D.~H. and {Mortonson}, M.~J. and {Eisenstein}, D.~J. and 
	{Hirata}, C. and {Riess}, A.~G. and {Rozo}, E.},
    title = "{Observational Probes of Cosmic Acceleration}",
  journal = {ArXiv e-prints},
archivePrefix = "arXiv",
   eprint = {1201.2434},
 primaryClass = "astro-ph.CO",
 keywords = {Astrophysics - Cosmology and Extragalactic Astrophysics},
     year = 2012,
    month = jan,
   adsurl = {http://adsabs.harvard.edu/abs/2012arXiv1201.2434W},
  adsnote = {Provided by the SAO/NASA Astrophysics Data System}
}
@ARTICLE{mbecker,
   author = {{Becker}, M.~R. and {Kravtsov}, A.~V.},
    title = "{On the Accuracy of Weak-lensing Cluster Mass Reconstructions}",
  journal = {\apj},
archivePrefix = "arXiv",
   eprint = {1011.1681},
 primaryClass = "astro-ph.CO",
 keywords = {galaxies: clusters: general, gravitational lensing: weak},
     year = 2011,
    month = oct,
   volume = 740,
      eid = {25},
    pages = {25},
      doi = {10.1088/0004-637X/740/1/25},
   adsurl = {http://adsabs.harvard.edu/abs/2011ApJ...740...25B},
  adsnote = {Provided by the SAO/NASA Astrophysics Data System}
}
@ARTICLE{NFW,
   author = {{Wright}, C.~O. and {Brainerd}, T.~G.},
    title = "{Gravitational Lensing by NFW Halos}",
  journal = {\apj},
 keywords = {COSMOLOGY: THEORY, COSMOLOGY: DARK MATTER, GALAXIES: CLUSTERS: GENERAL, COSMOLOGY: GRAVITATIONAL LENSING},
     year = 2000,
    month = may,
   volume = 534,
    pages = {34-40},
      doi = {10.1086/308744},
   adsurl = {http://adsabs.harvard.edu/abs/2000ApJ...534...34W},
  adsnote = {Provided by the SAO/NASA Astrophysics Data System}
}

@ARTICLE{KSB,
   author = {{Kaiser}, N. and {Squires}, G. and {Broadhurst}, T.},
    title = "{A Method for Weak Lensing Observations}",
  journal = {\apj},
   eprint = {arXiv:astro-ph/9411005},
 keywords = {COSMOLOGY: OBSERVATIONS, COSMOLOGY: DARK MATTER, GALAXIES: FORMATION, COSMOLOGY: GRAVITATIONAL LENSING, COSMOLOGY: LARGE-SCALE STRUCTURE OF UNIVERSE},
     year = 1995,
    month = aug,
   volume = 449,
    pages = {460},
      doi = {10.1086/176071},
   adsurl = {http://adsabs.harvard.edu/abs/1995ApJ...449..460K},
  adsnote = {Provided by the SAO/NASA Astrophysics Data System}
}
@ARTICLE{FDNT,
   author = {{Bernstein}, G.~M.},
    title = "{Shape measurement biases from underfitting and ellipticity gradients}",
  journal = {\mnras},
archivePrefix = "arXiv",
   eprint = {1001.2333},
 primaryClass = "astro-ph.IM",
 keywords = {gravitational lensing: weak, techniques: image processing, methods: data analysis},
     year = 2010,
    month = aug,
   volume = 406,
    pages = {2793-2804},
      doi = {10.1111/j.1365-2966.2010.16883.x},
   adsurl = {http://adsabs.harvard.edu/abs/2010MNRAS.406.2793B},
  adsnote = {Provided by the SAO/NASA Astrophysics Data System}
}
@ARTICLE{GREAT10,
   author = {{Kitching}, T.~D. and {Balan}, S.~T. and {Bridle}, S. and {Cantale}, N. and 
	{Courbin}, F. and {Eifler}, T. and {Gentile}, M. and {Gill}, M.~S.~S. and 
	{Harmeling}, S. and {Heymans}, C. and {Hirsch}, M. and {Honscheid}, K. and 
	{Kacprzak}, T. and {Kirkby}, D. and {Margala}, D. and {Massey}, R.~J. and 
	{Melchior}, P. and {Nurbaeva}, G. and {Patton}, K. and {Rhodes}, J. and 
	{Rowe}, B.~T.~P. and {Taylor}, A.~N. and {Tewes}, M. and {Viola}, M. and 
	{Witherick}, D. and {Voigt}, L. and {Young}, J. and {Zuntz}, J.
	},
    title = "{Image analysis for cosmology: results from the GREAT10 Galaxy Challenge}",
  journal = {\mnras},
archivePrefix = "arXiv",
   eprint = {1202.5254},
 primaryClass = "astro-ph.CO",
 keywords = {gravitational lensing: weak, methods: statistical, techniques: image processing, cosmology: observations},
     year = 2012,
    month = jul,
   volume = 423,
    pages = {3163-3208},
      doi = {10.1111/j.1365-2966.2012.21095.x},
   adsurl = {http://adsabs.harvard.edu/abs/2012MNRAS.423.3163K},
  adsnote = {Provided by the SAO/NASA Astrophysics Data System}
}



@ARTICLE{GREAT10star,
   author = {{Kitching}, T.~D. and {Rowe}, B. and {Gill}, M. and {Heymans}, C. and 
	{Massey}, R. and {Witherick}, D. and {Courbin}, F. and {Georgatzis}, K. and 
	{Gentile}, M. and {Gruen}, D. and {Kilbinger}, M. and {Li}, G.~L. and 
	{Mariglis}, A.~P. and {Meylan}, G. and {Storkey}, A. and {Xin}, B.
	},
    title = "{Image Analysis for Cosmology: Results from the GREAT10 Star Challenge}",
  journal = ApJS,
archivePrefix = "arXiv",
   eprint = {1210.1979},
 primaryClass = "astro-ph.IM",
 keywords = {atmospheric effects, cosmology: observations, methods: data analysis, techniques: image processing},
     year = 2013,
    month = apr,
   volume = 205,
      eid = {12},
    pages = {12},
      doi = {10.1088/0067-0049/205/2/12},
   adsurl = {http://adsabs.harvard.edu/abs/2013ApJS..205...12K},
  adsnote = {Provided by the SAO/NASA Astrophysics Data System}
}



@ARTICLE{1997ApJ...490..493N,
   author = {{Navarro}, J.~F. and {Frenk}, C.~S. and {White}, S.~D.~M.},
    title = "{A Universal Density Profile from Hierarchical Clustering}",
  journal = {\apj},
   eprint = {astro-ph/9611107},
 keywords = {Cosmology: Theory, Cosmology: Dark Matter, Galaxies: Halos, Methods: Numerical},
     year = 1997,
    month = dec,
   volume = 490,
    pages = {493-508},
   adsurl = {http://adsabs.harvard.edu/abs/1997ApJ...490..493N},
  adsnote = {Provided by the SAO/NASA Astrophysics Data System}
}


@ARTICLE{ccv,
   author = {{Gruen}, D. and {Seitz}, S. and {Becker}, M.~R. and {Friedrich}, O. and 
	{Mana}, A.},
    title = "{Cosmic variance of the galaxy cluster weak lensing signal}",
  journal = {\mnras},
archivePrefix = "arXiv",
   eprint = {1501.01632},
 keywords = {gravitational lensing: weak, galaxies: clusters: general, cosmology: observations},
     year = 2015,
    month = jun,
   volume = 449,
    pages = {4264-4276},
      doi = {10.1093/mnras/stv532},
   adsurl = {http://adsabs.harvard.edu/abs/2015MNRAS.449.4264G},
  adsnote = {Provided by the SAO/NASA Astrophysics Data System}
}



%%%%%%%%%%%%%%%%%%%%%%%%%%%%%%% CSTEP 

@ARTICLE{cfhtls,
   author = {{Miller}, L. and {Heymans}, C. and {Kitching}, T.~D. and {van Waerbeke}, L. and 
	{Erben}, T. and {Hildebrandt}, H. and {Hoekstra}, H. and {Mellier}, Y. and 
	{Rowe}, B.~T.~P. and {Coupon}, J. and {Dietrich}, J.~P. and 
	{Fu}, L. and {Harnois-D{\'e}raps}, J. and {Hudson}, M.~J. and 
	{Kilbinger}, M. and {Kuijken}, K. and {Schrabback}, T. and {Semboloni}, E. and 
	{Vafaei}, S. and {Velander}, M.},
    title = "{Bayesian galaxy shape measurement for weak lensing surveys - III. Application to the Canada-France-Hawaii Telescope Lensing Survey}",
  journal = {\mnras},
archivePrefix = "arXiv",
   eprint = {1210.8201},
 primaryClass = "astro-ph.CO",
 keywords = {gravitational lensing: weak, methods: data analysis, methods: statistical, cosmology: observations},
     year = 2013,
    month = mar,
   volume = 429,
    pages = {2858-2880},
      doi = {10.1093/mnras/sts454},
   adsurl = {http://adsabs.harvard.edu/abs/2013MNRAS.429.2858M},
  adsnote = {Provided by the SAO/NASA Astrophysics Data System}
}

@ARTICLE{cfhtls_h,
   author = {{Heymans}, C. and {Van Waerbeke}, L. and {Miller}, L. and {Erben}, T. and 
	{Hildebrandt}, H. and {Hoekstra}, H. and {Kitching}, T.~D. and 
	{Mellier}, Y. and {Simon}, P. and {Bonnett}, C. and {Coupon}, J. and 
	{Fu}, L. and {Harnois D{\'e}raps}, J. and {Hudson}, M.~J. and 
	{Kilbinger}, M. and {Kuijken}, K. and {Rowe}, B. and {Schrabback}, T. and 
	{Semboloni}, E. and {van Uitert}, E. and {Vafaei}, S. and {Velander}, M.
	},
    title = "{CFHTLenS: the Canada-France-Hawaii Telescope Lensing Survey}",
  journal = {\mnras},
archivePrefix = "arXiv",
   eprint = {1210.0032},
 primaryClass = "astro-ph.CO",
 keywords = {gravitational lensing: weak, cosmology: observations},
     year = 2012,
    month = nov,
   volume = 427,
    pages = {146-166},
      doi = {10.1111/j.1365-2966.2012.21952.x},
   adsurl = {http://adsabs.harvard.edu/abs/2012MNRAS.427..146H},
  adsnote = {Provided by the SAO/NASA Astrophysics Data System}
}

@ARTICLE{STEP1,
   author = {{Heymans}, C. and {Van Waerbeke}, L. and {Bacon}, D. and {Berge}, J. and 
	{Bernstein}, G. and {Bertin}, E. and {Bridle}, S. and {Brown}, M.~L. and 
	{Clowe}, D. and {Dahle}, H. and {Erben}, T. and {Gray}, M. and 
	{Hetterscheidt}, M. and {Hoekstra}, H. and {Hudelot}, P. and 
	{Jarvis}, M. and {Kuijken}, K. and {Margoniner}, V. and {Massey}, R. and 
	{Mellier}, Y. and {Nakajima}, R. and {Refregier}, A. and {Rhodes}, J. and 
	{Schrabback}, T. and {Wittman}, D.},
    title = "{The Shear Testing Programme - I. Weak lensing analysis of simulated ground-based observations}",
  journal = {\mnras},
   eprint = {arXiv:astro-ph/0506112},
 keywords = {gravitational lensing , cosmology: observations , large-scale structure of Universe},
     year = 2006,
    month = may,
   volume = 368,
    pages = {1323-1339},
      doi = {10.1111/j.1365-2966.2006.10198.x},
   adsurl = {http://adsabs.harvard.edu/abs/2006MNRAS.368.1323H},
  adsnote = {Provided by the SAO/NASA Astrophysics Data System}
}

@ARTICLE{STEP2,
   author = {{Massey}, R. and {Heymans}, C. and {Berg{\'e}}, J. and {Bernstein}, G. and 
	{Bridle}, S. and {Clowe}, D. and {Dahle}, H. and {Ellis}, R. and 
	{Erben}, T. and {Hetterscheidt}, M. and {High}, F.~W. and {Hirata}, C. and 
	{Hoekstra}, H. and {Hudelot}, P. and {Jarvis}, M. and {Johnston}, D. and 
	{Kuijken}, K. and {Margoniner}, V. and {Mandelbaum}, R. and 
	{Mellier}, Y. and {Nakajima}, R. and {Paulin-Henriksson}, S. and 
	{Peeples}, M. and {Roat}, C. and {Refregier}, A. and {Rhodes}, J. and 
	{Schrabback}, T. and {Schirmer}, M. and {Seljak}, U. and {Semboloni}, E. and 
	{van Waerbeke}, L.},
    title = "{The Shear Testing Programme 2: Factors affecting high-precision weak-lensing analyses}",
  journal = {\mnras},
   eprint = {arXiv:astro-ph/0608643},
 keywords = {gravitational lensing, methods: data analysis, cosmology: observations},
     year = 2007,
    month = mar,
   volume = 376,
    pages = {13-38},
      doi = {10.1111/j.1365-2966.2006.11315.x},
   adsurl = {http://adsabs.harvard.edu/abs/2007MNRAS.376...13M},
  adsnote = {Provided by the SAO/NASA Astrophysics Data System}
}

@ARTICLE{GREAT08,
   author = {{Bridle}, S. and {Balan}, S.~T. and {Bethge}, M. and {Gentile}, M. and 
	{Harmeling}, S. and {Heymans}, C. and {Hirsch}, M. and {Hosseini}, R. and 
	{Jarvis}, M. and {Kirk}, D. and {Kitching}, T. and {Kuijken}, K. and 
	{Lewis}, A. and {Paulin-Henriksson}, S. and {Sch{\"o}lkopf}, B. and 
	{Velander}, M. and {Voigt}, L. and {Witherick}, D. and {Amara}, A. and 
	{Bernstein}, G. and {Courbin}, F. and {Gill}, M. and {Heavens}, A. and 
	{Mandelbaum}, R. and {Massey}, R. and {Moghaddam}, B. and {Rassat}, A. and 
	{R{\'e}fr{\'e}gier}, A. and {Rhodes}, J. and {Schrabback}, T. and 
	{Shawe-Taylor}, J. and {Shmakova}, M. and {van Waerbeke}, L. and 
	{Wittman}, D.},
    title = "{Results of the GREAT08 Challenge: an image analysis competition for cosmological lensing}",
  journal = {\mnras},
archivePrefix = "arXiv",
   eprint = {0908.0945},
 primaryClass = "astro-ph.CO",
 keywords = {gravitational lensing: weak, methods: data analysis, methods: statistical, techniques: image processing, cosmology: observations, large-scale structure of Universe},
     year = 2010,
    month = jul,
   volume = 405,
    pages = {2044-2061},
      doi = {10.1111/j.1365-2966.2010.16598.x},
   adsurl = {http://adsabs.harvard.edu/abs/2010MNRAS.405.2044B},
  adsnote = {Provided by the SAO/NASA Astrophysics Data System}
}

@ARTICLE{GREAT08c,
   author = {{Bridle}, S. and {Shawe-Taylor}, J. and {Amara}, A. and {Applegate}, D. and 
	{Balan}, Berge, Joel and S.~T. and {Bernstein}, G. and {Dahle}, H. and 
	{Erben}, T. and {Gill}, M. and {Heavens}, A. and {Heymans}, C. and 
	{High}, F.~W. and {Hoekstra}, H. and {Jarvis}, M. and {Kirk}, D. and 
	{Kitching}, T. and {Kneib}, J.-P. and {Kuijken}, K. and {Lagatutta}, D. and 
	{Mandelbaum}, R. and {Massey}, R. and {Mellier}, Y. and {Moghaddam}, B. and 
	{Moudden}, Y. and {Nakajima}, R. and {Paulin-Henriksson}, S. and 
	{Pires}, S. and {Rassat}, A. and {Refregier}, A. and {Rhodes}, J. and 
	{Schrabback}, T. and {Semboloni}, E. and {Shmakova}, M. and 
	{van Waerbeke}, L. and {Witherick}, D. and {Voigt}, L. and {Wittman}, D.
	},
    title = "{Handbook for the GREAT08 Challenge: An image analysis competition for cosmological lensing}",
  journal = {Annals of Applied Statistics},
archivePrefix = "arXiv",
   eprint = {0802.1214},
 keywords = {Inference, inverse problems, astronomy},
     year = 2009,
   volume = 3,
    pages = {6-37},
      doi = {10.1214/08-AOAS222},
   adsurl = {http://adsabs.harvard.edu/abs/2009AnApS...3....6B},
  adsnote = {Provided by the SAO/NASA Astrophysics Data System}
}
@INPROCEEDINGS{LasDamas,
   author = {{McBride}, C. and {Berlind}, A. and {Scoccimarro}, R. and {Wechsler}, R. and 
	{Busha}, M. and {Gardner}, J. and {van den Bosch}, F.},
    title = "{LasDamas Mock Galaxy Catalogs for SDSS}",
booktitle = {American Astronomical Society Meeting Abstracts \#213},
     year = 2009,
   series = {Bulletin of the American Astronomical Society},
   volume = 41,
    month = jan,
    pages = {425.06},
   adsurl = {http://adsabs.harvard.edu/abs/2009AAS...21342506M},
  adsnote = {Provided by the SAO/NASA Astrophysics Data System}
}

@ARTICLE{Apple,
   author = {{Applegate}, D.~E. and {von der Linden}, A. and {Kelly}, P.~L. and 
	{Allen}, M.~T. and {Allen}, S.~W. and {Burchat}, P.~R. and {Burke}, D.~L. and 
	{Ebeling}, H. and {Mantz}, A. and {Morris}, R.~G.},
    title = "{Weighing the Giants III: Methods and Measurements of Accurate Galaxy Cluster Weak-Lensing Masses}",
  journal = {ArXiv e-prints},
archivePrefix = "arXiv",
   eprint = {1208.0605},
 primaryClass = "astro-ph.CO",
 keywords = {Astrophysics - Cosmology and Extragalactic Astrophysics},
     year = 2012,
    month = aug,
   adsurl = {http://adsabs.harvard.edu/abs/2012arXiv1208.0605A},
  adsnote = {Provided by the SAO/NASA Astrophysics Data System}
}

@ARTICLE{Berge,
   author = {{Berg{\'e}}, J. and {Pacaud}, F. and {R{\'e}fr{\'e}gier}, A. and 
	{Massey}, R. and {Pierre}, M. and {Amara}, A. and {Birkinshaw}, M. and 
	{Paulin-Henriksson}, S. and {Smith}, G.~P. and {Willis}, J.},
    title = "{Combined analysis of weak lensing and X-ray blind surveys}",
  journal = {\mnras},
archivePrefix = "arXiv",
   eprint = {0712.3293},
 keywords = {gravitational lensing, surveys, cosmological parameters, dark matter, large-scale structure of Universe, X-rays: galaxies: clusters},
     year = 2008,
    month = apr,
   volume = 385,
    pages = {695-707},
      doi = {10.1111/j.1365-2966.2008.12902.x},
   adsurl = {http://adsabs.harvard.edu/abs/2008MNRAS.385..695B},
  adsnote = {Provided by the SAO/NASA Astrophysics Data System}
}

@ARTICLE{TS,
   author = {{Schrabback}, T. and {Hartlap}, J. and {Joachimi}, B. and {Kilbinger}, M. and 
	{Simon}, P. and {Benabed}, K. and {Brada{\v c}}, M. and {Eifler}, T. and 
	{Erben}, T. and {Fassnacht}, C.~D. and {High}, F.~W. and {Hilbert}, S. and 
	{Hildebrandt}, H. and {Hoekstra}, H. and {Kuijken}, K. and {Marshall}, P.~J. and 
	{Mellier}, Y. and {Morganson}, E. and {Schneider}, P. and {Semboloni}, E. and 
	{van Waerbeke}, L. and {Velander}, M.},
    title = "{Evidence of the accelerated expansion of the Universe from weak lensing tomography with COSMOS}",
  journal = {\aap},
archivePrefix = "arXiv",
   eprint = {0911.0053},
 primaryClass = "astro-ph.CO",
 keywords = {cosmological parameters, dark matter, large-scale structure of Universe, gravitational lensing: weak},
     year = 2010,
    month = jun,
   volume = 516,
      eid = {A63},
    pages = {A63},
      doi = {10.1051/0004-6361/200913577},
   adsurl = {http://adsabs.harvard.edu/abs/2010A%26A...516A..63S},
  adsnote = {Provided by the SAO/NASA Astrophysics Data System}
}

@ARTICLE{CHey,
   author = {{Heymans}, C. and {Van Waerbeke}, L. and {Miller}, L. and {Erben}, T. and 
	{Hildebrandt}, H. and {Hoekstra}, H. and {Kitching}, T.~D. and 
	{Mellier}, Y. and {Simon}, P. and {Bonnett}, C. and {Coupon}, J. and 
	{Fu}, L. and {Harnois D{\'e}raps}, J. and {Hudson}, M.~J. and 
	{Kilbinger}, M. and {Kuijken}, K. and {Rowe}, B. and {Schrabback}, T. and 
	{Semboloni}, E. and {van Uitert}, E. and {Vafaei}, S. and {Velander}, M.
	},
    title = "{CFHTLenS: the Canada-France-Hawaii Telescope Lensing Survey}",
  journal = {\mnras},
archivePrefix = "arXiv",
   eprint = {1210.0032},
 primaryClass = "astro-ph.CO",
 keywords = {gravitational lensing: weak, cosmology: observations},
     year = 2012,
    month = nov,
   volume = 427,
    pages = {146-166},
      doi = {10.1111/j.1365-2966.2012.21952.x},
   adsurl = {http://adsabs.harvard.edu/abs/2012MNRAS.427..146H},
  adsnote = {Provided by the SAO/NASA Astrophysics Data System}
}

@ARTICLE{Jzun,
   author = {{Zuntz}, J. and {Kacprzak}, T. and {Voigt}, L. and {Hirsch}, M. and 
	{Rowe}, B. and {Bridle}, S.},
    title = "{IM3SHAPE: a maximum likelihood galaxy shear measurement code for cosmic gravitational lensing}",
  journal = {\mnras},
archivePrefix = "arXiv",
   eprint = {1302.0183},
 primaryClass = "astro-ph.CO",
 keywords = {gravitational lensing: weak, methods: data analysis, methods: statistical, techniques: image processing, cosmology: observations, dark energy},
     year = 2013,
    month = sep,
   volume = 434,
    pages = {1604-1618},
      doi = {10.1093/mnras/stt1125},
   adsurl = {http://adsabs.harvard.edu/abs/2013MNRAS.434.1604Z},
  adsnote = {Provided by the SAO/NASA Astrophysics Data System}
}
 

@ARTICLE{CH1,
   author = {{Heymans}, C. and {Grocutt}, E. and {Heavens}, A. and {Kilbinger}, M. and 
	{Kitching}, T.~D. and {Simpson}, F. and {Benjamin}, J. and {Erben}, T. and 
	{Hildebrandt}, H. and {Hoekstra}, H. and {Mellier}, Y. and {Miller}, L. and 
	{Van Waerbeke}, L. and {Brown}, M.~L. and {Coupon}, J. and {Fu}, L. and 
	{Harnois-D{\'e}raps}, J. and {Hudson}, M.~J. and {Kuijken}, K. and 
	{Rowe}, B. and {Schrabback}, T. and {Semboloni}, E. and {Vafaei}, S. and 
	{Velander}, M.},
    title = "{CFHTLenS tomographic weak lensing cosmological parameter constraints: Mitigating the impact of intrinsic galaxy alignments}",
  journal = {\mnras},
archivePrefix = "arXiv",
   eprint = {1303.1808},
 primaryClass = "astro-ph.CO",
 keywords = {cosmology: observations},
     year = 2013,
    month = jul,
   volume = 432,
    pages = {2433-2453},
      doi = {10.1093/mnras/stt601},
   adsurl = {http://adsabs.harvard.edu/abs/2013MNRAS.432.2433H},
  adsnote = {Provided by the SAO/NASA Astrophysics Data System}
}

@ARTICLE{CH2,
   author = {{Gillis}, B.~R. and {Hudson}, M.~J. and {Erben}, T. and {Heymans}, C. and 
	{Hildebrandt}, H. and {Hoekstra}, H. and {Kitching}, T.~D. and 
	{Mellier}, Y. and {Miller}, L. and {van Waerbeke}, L. and {Bonnett}, C. and 
	{Coupon}, J. and {Fu}, L. and {Hilbert}, S. and {Rowe}, B.~T.~P. and 
	{Schrabback}, T. and {Semboloni}, E. and {van Uitert}, E. and 
	{Velander}, M.},
    title = "{CFHTLenS: the environmental dependence of galaxy halo masses from weak lensing}",
  journal = {\mnras},
archivePrefix = "arXiv",
   eprint = {1301.7421},
 primaryClass = "astro-ph.CO",
 keywords = {gravitational lensing: weak, galaxies: clusters: general, galaxies: groups: general},
     year = 2013,
    month = may,
   volume = 431,
    pages = {1439-1452},
      doi = {10.1093/mnras/stt274},
   adsurl = {http://adsabs.harvard.edu/abs/2013MNRAS.431.1439G},
  adsnote = {Provided by the SAO/NASA Astrophysics Data System}
}

@ARTICLE{CH3,
   author = {{Kilbinger}, M. and {Fu}, L. and {Heymans}, C. and {Simpson}, F. and 
	{Benjamin}, J. and {Erben}, T. and {Harnois-D{\'e}raps}, J. and 
	{Hoekstra}, H. and {Hildebrandt}, H. and {Kitching}, T.~D. and 
	{Mellier}, Y. and {Miller}, L. and {Van Waerbeke}, L. and {Benabed}, K. and 
	{Bonnett}, C. and {Coupon}, J. and {Hudson}, M.~J. and {Kuijken}, K. and 
	{Rowe}, B. and {Schrabback}, T. and {Semboloni}, E. and {Vafaei}, S. and 
	{Velander}, M.},
    title = "{CFHTLenS: combined probe cosmological model comparison using 2D weak gravitational lensing}",
  journal = {\mnras},
archivePrefix = "arXiv",
   eprint = {1212.3338},
 primaryClass = "astro-ph.CO",
 keywords = {methods: statistical, cosmological parameters},
     year = 2013,
    month = apr,
   volume = 430,
    pages = {2200-2220},
      doi = {10.1093/mnras/stt041},
   adsurl = {http://adsabs.harvard.edu/abs/2013MNRAS.430.2200K},
  adsnote = {Provided by the SAO/NASA Astrophysics Data System}
}

@ARTICLE{HH,
   author = {{Mahdavi}, A. and {Hoekstra}, H. and {Babul}, A. and {Bildfell}, C. and 
	{Jeltema}, T. and {Henry}, J.~P.},
    title = "{Joint Analysis of Cluster Observations. II. Chandra/XMM-Newton X-Ray and Weak Lensing Scaling Relations for a Sample of 50 Rich Clusters of Galaxies}",
  journal = {\apj},
archivePrefix = "arXiv",
   eprint = {1210.3689},
 primaryClass = "astro-ph.CO",
 keywords = {galaxies: clusters: general, galaxies: clusters: intracluster medium, gravitational lensing: weak, X-rays: galaxies: clusters},
     year = 2013,
    month = apr,
   volume = 767,
      eid = {116},
    pages = {116},
      doi = {10.1088/0004-637X/767/2/116},
   adsurl = {http://adsabs.harvard.edu/abs/2013ApJ...767..116M},
  adsnote = {Provided by the SAO/NASA Astrophysics Data System}
}

@ARTICLE{Bern,
   author = {{Bernstein}, G.~M.},
    title = "{Shape measurement biases from underfitting and ellipticity gradients}",
  journal = {\mnras},
archivePrefix = "arXiv",
   eprint = {1001.2333},
 primaryClass = "astro-ph.IM",
 keywords = {gravitational lensing: weak, techniques: image processing, methods: data analysis},
     year = 2010,
    month = aug,
   volume = 406,
    pages = {2793-2804},
      doi = {10.1111/j.1365-2966.2010.16883.x},
   adsurl = {http://adsabs.harvard.edu/abs/2010MNRAS.406.2793B},
  adsnote = {Provided by the SAO/NASA Astrophysics Data System}
}

@ARTICLE{peter_n,
   author = {{Melchior}, P. and {Viola}, M.},
    title = "{Means of confusion: how pixel noise affects shear estimates for weak gravitational lensing}",
  journal = {\mnras},
archivePrefix = "arXiv",
   eprint = {1204.5147},
 primaryClass = "astro-ph.IM",
 keywords = {gravitational lensing: weak, techniques: image processing },
     year = 2012,
    month = aug,
   volume = 424,
    pages = {2757-2769},
      doi = {10.1111/j.1365-2966.2012.21381.x},
   adsurl = {http://adsabs.harvard.edu/abs/2012MNRAS.424.2757M},
  adsnote = {Provided by the SAO/NASA Astrophysics Data System}
}

@ARTICLE{Okura_n,
   author = {{Okura}, Y. and {Futamase}, T.},
    title = "{Elliptical Weighted HOLICs for Weak Lensing Shear Measurement. III. The Effect of Random Count Noise on Image Moments in Weak Lensing Analysis}",
  journal = {\apj},
archivePrefix = "arXiv",
   eprint = {1208.3564},
 primaryClass = "astro-ph.IM",
 keywords = {gravitational lensing: weak },
     year = 2013,
    month = jul,
   volume = 771,
      eid = {37},
    pages = {37},
      doi = {10.1088/0004-637X/771/1/37},
   adsurl = {http://adsabs.harvard.edu/abs/2013ApJ...771...37O},
  adsnote = {Provided by the SAO/NASA Astrophysics Data System}
}

@ARTICLE{R_n,
   author = {{Refregier}, A. and {Kacprzak}, T. and {Amara}, A. and {Bridle}, S. and 
	{Rowe}, B.},
    title = "{Noise bias in weak lensing shape measurements}",
  journal = {\mnras},
archivePrefix = "arXiv",
   eprint = {1203.5050},
 primaryClass = "astro-ph.CO",
 keywords = {gravitational lensing: weak, methods: statistical, techniques: image processing, cosmology: observations, dark energy, dark matter },
     year = 2012,
    month = sep,
   volume = 425,
    pages = {1951-1957},
      doi = {10.1111/j.1365-2966.2012.21483.x},
   adsurl = {http://adsabs.harvard.edu/abs/2012MNRAS.425.1951R},
  adsnote = {Provided by the SAO/NASA Astrophysics Data System}
}

@ARTICLE{K_n,
   author = {{Kacprzak}, T. and {Zuntz}, J. and {Rowe}, B. and {Bridle}, S. and 
	{Refregier}, A. and {Amara}, A. and {Voigt}, L. and {Hirsch}, M.
	},
    title = "{Measurement and calibration of noise bias in weak lensing galaxy shape estimation}",
  journal = {\mnras},
archivePrefix = "arXiv",
   eprint = {1203.5049},
 primaryClass = "astro-ph.CO",
 keywords = {gravitational lensing: weak, methods: data analysis, methods: statistical, techniques: image processing, cosmology: observations},
     year = 2012,
    month = dec,
   volume = 427,
    pages = {2711-2722},
      doi = {10.1111/j.1365-2966.2012.21622.x},
   adsurl = {http://adsabs.harvard.edu/abs/2012MNRAS.427.2711K},
  adsnote = {Provided by the SAO/NASA Astrophysics Data System}
}

@ARTICLE{SExt,
   author = {{Bertin}, E. and {Arnouts}, S.},
    title = "{SExtractor: Software for source extraction.}",
  journal = {\aaps},
 keywords = {METHODS: DATA ANALYSIS, TECHNIQUES: IMAGE PROCESSING, GALAXIES: PHOTOMETRY},
     year = 1996,
    month = jun,
   volume = 117,
    pages = {393-404},
   adsurl = {http://adsabs.harvard.edu/abs/1996A%26AS..117..393B},
  adsnote = {Provided by the SAO/NASA Astrophysics Data System}
}

@ARTICLE{K_2,
   author = {{Kacprzak}, T. and {Bridle}, S. and {Rowe}, B. and {Voigt}, L. and 
	{Zuntz}, J. and {Hirsch}, M. and {MacCrann}, N.},
    title = "{S$\backslash$'$\{$e$\}$rsic galaxy models in weak lensing shape measurement: model bias, noise bias and their interaction}",
  journal = {ArXiv e-prints},
archivePrefix = "arXiv",
   eprint = {1308.4663},
 primaryClass = "astro-ph.CO",
 keywords = {Astrophysics - Cosmology and Extragalactic Astrophysics},
     year = 2013,
    month = aug,
   adsurl = {http://adsabs.harvard.edu/abs/2013arXiv1308.4663K},
  adsnote = {Provided by the SAO/NASA Astrophysics Data System}
}

@ARTICLE{Hild,
   author = {{Hildebrandt}, H. and {Erben}, T. and {Kuijken}, K. and {van Waerbeke}, L. and 
	{Heymans}, C. and {Coupon}, J. and {Benjamin}, J. and {Bonnett}, C. and 
	{Fu}, L. and {Hoekstra}, H. and {Kitching}, T.~D. and {Mellier}, Y. and 
	{Miller}, L. and {Velander}, M. and {Hudson}, M.~J. and {Rowe}, B.~T.~P. and 
	{Schrabback}, T. and {Semboloni}, E. and {Ben{\'{\i}}tez}, N.
	},
    title = "{CFHTLenS: improving the quality of photometric redshifts with precision photometry}",
  journal = {\mnras},
archivePrefix = "arXiv",
   eprint = {1111.4434},
 primaryClass = "astro-ph.CO",
 keywords = {galaxies: abundances, galaxies: high-redshift, galaxies: photometry},
     year = 2012,
    month = apr,
   volume = 421,
    pages = {2355-2367},
      doi = {10.1111/j.1365-2966.2012.20468.x},
   adsurl = {http://adsabs.harvard.edu/abs/2012MNRAS.421.2355H},
  adsnote = {Provided by the SAO/NASA Astrophysics Data System}
}

@ARTICLE{Ying,
   author = {{Zu}, Y. and {Weinberg}, D.~H. and {Rozo}, E. and {Sheldon}, E.~S. and 
	{Tinker}, J.~L. and {Becker}, M.~R.},
    title = "{Cosmological Constraints from the Large Scale Weak Lensing of SDSS MaxBCG Clusters}",
  journal = {ArXiv e-prints},
archivePrefix = "arXiv",
   eprint = {1207.3794},
 primaryClass = "astro-ph.CO",
 keywords = {Astrophysics - Cosmology and Extragalactic Astrophysics},
     year = 2012,
    month = jul,
   adsurl = {http://adsabs.harvard.edu/abs/2012arXiv1207.3794Z},
  adsnote = {Provided by the SAO/NASA Astrophysics Data System}
}

@ARTICLE{Erozo,
   author = {{Rozo}, E. and {Wechsler}, R.~H. and {Rykoff}, E.~S. and {Annis}, J.~T. and 
	{Becker}, M.~R. and {Evrard}, A.~E. and {Frieman}, J.~A. and 
	{Hansen}, S.~M. and {Hao}, J. and {Johnston}, D.~E. and {Koester}, B.~P. and 
	{McKay}, T.~A. and {Sheldon}, E.~S. and {Weinberg}, D.~H.},
    title = "{Cosmological Constraints from the Sloan Digital Sky Survey maxBCG Cluster Catalog}",
  journal = {\apj},
archivePrefix = "arXiv",
   eprint = {0902.3702},
 primaryClass = "astro-ph.CO",
 keywords = {cosmological parameters, cosmology: observations, large-scale structure of universe},
     year = 2010,
    month = jan,
   volume = 708,
    pages = {645-660},
      doi = {10.1088/0004-637X/708/1/645},
   adsurl = {http://adsabs.harvard.edu/abs/2010ApJ...708..645R},
  adsnote = {Provided by the SAO/NASA Astrophysics Data System}
}

@ARTICLE{EShel,
   author = {{Sheldon}, E.~S. and {Johnston}, D.~E. and {Scranton}, R. and 
	{Koester}, B.~P. and {McKay}, T.~A. and {Oyaizu}, H. and {Cunha}, C. and 
	{Lima}, M. and {Lin}, H. and {Frieman}, J.~A. and {Wechsler}, R.~H. and 
	{Annis}, J. and {Mandelbaum}, R. and {Bahcall}, N.~A. and {Fukugita}, M.
	},
    title = "{Cross-correlation Weak Lensing of SDSS Galaxy Clusters. I. Measurements}",
  journal = {\apj},
archivePrefix = "arXiv",
   eprint = {0709.1153},
 keywords = {dark matter, galaxies: clusters: general, gravitational lensing, large-scale structure of universe},
     year = 2009,
    month = oct,
   volume = 703,
    pages = {2217-2231},
      doi = {10.1088/0004-637X/703/2/2217},
   adsurl = {http://adsabs.harvard.edu/abs/2009ApJ...703.2217S},
  adsnote = {Provided by the SAO/NASA Astrophysics Data System}
}

@ARTICLE{Koester,
   author = {{Koester}, B.~P. and {McKay}, T.~A. and {Annis}, J. and {Wechsler}, R.~H. and 
	{Evrard}, A. and {Bleem}, L. and {Becker}, M. and {Johnston}, D. and 
	{Sheldon}, E. and {Nichol}, R. and {Miller}, C. and {Scranton}, R. and 
	{Bahcall}, N. and {Barentine}, J. and {Brewington}, H. and {Brinkmann}, J. and 
	{Harvanek}, M. and {Kleinman}, S. and {Krzesinski}, J. and {Long}, D. and 
	{Nitta}, A. and {Schneider}, D.~P. and {Sneddin}, S. and {Voges}, W. and 
	{York}, D.},
    title = "{A MaxBCG Catalog of 13,823 Galaxy Clusters from the Sloan Digital Sky Survey}",
  journal = {\apj},
   eprint = {arXiv:astro-ph/0701265},
 keywords = {Galaxies: Clusters: General},
     year = 2007,
    month = may,
   volume = 660,
    pages = {239-255},
      doi = {10.1086/509599},
   adsurl = {http://adsabs.harvard.edu/abs/2007ApJ...660..239K},
  adsnote = {Provided by the SAO/NASA Astrophysics Data System}
}

@ARTICLE{York,
   author = {{York}, D.~G. and {Adelman}, J. and {Anderson}, Jr., J.~E. and 
	{Anderson}, S.~F. and {Annis}, J. and {Bahcall}, N.~A. and {Bakken}, J.~A. and 
	{Barkhouser}, R. and {Bastian}, S. and {Berman}, E. and {Boroski}, W.~N. and 
	{Bracker}, S. and {Briegel}, C. and {Briggs}, J.~W. and {Brinkmann}, J. and 
	{Brunner}, R. and {Burles}, S. and {Carey}, L. and {Carr}, M.~A. and 
	{Castander}, F.~J. and {Chen}, B. and {Colestock}, P.~L. and 
	{Connolly}, A.~J. and {Crocker}, J.~H. and {Csabai}, I. and 
	{Czarapata}, P.~C. and {Davis}, J.~E. and {Doi}, M. and {Dombeck}, T. and 
	{Eisenstein}, D. and {Ellman}, N. and {Elms}, B.~R. and {Evans}, M.~L. and 
	{Fan}, X. and {Federwitz}, G.~R. and {Fiscelli}, L. and {Friedman}, S. and 
	{Frieman}, J.~A. and {Fukugita}, M. and {Gillespie}, B. and 
	{Gunn}, J.~E. and {Gurbani}, V.~K. and {de Haas}, E. and {Haldeman}, M. and 
	{Harris}, F.~H. and {Hayes}, J. and {Heckman}, T.~M. and {Hennessy}, G.~S. and 
	{Hindsley}, R.~B. and {Holm}, S. and {Holmgren}, D.~J. and {Huang}, C.-h. and 
	{Hull}, C. and {Husby}, D. and {Ichikawa}, S.-I. and {Ichikawa}, T. and 
	{Ivezi{\'c}}, {\v Z}. and {Kent}, S. and {Kim}, R.~S.~J. and 
	{Kinney}, E. and {Klaene}, M. and {Kleinman}, A.~N. and {Kleinman}, S. and 
	{Knapp}, G.~R. and {Korienek}, J. and {Kron}, R.~G. and {Kunszt}, P.~Z. and 
	{Lamb}, D.~Q. and {Lee}, B. and {Leger}, R.~F. and {Limmongkol}, S. and 
	{Lindenmeyer}, C. and {Long}, D.~C. and {Loomis}, C. and {Loveday}, J. and 
	{Lucinio}, R. and {Lupton}, R.~H. and {MacKinnon}, B. and {Mannery}, E.~J. and 
	{Mantsch}, P.~M. and {Margon}, B. and {McGehee}, P. and {McKay}, T.~A. and 
	{Meiksin}, A. and {Merelli}, A. and {Monet}, D.~G. and {Munn}, J.~A. and 
	{Narayanan}, V.~K. and {Nash}, T. and {Neilsen}, E. and {Neswold}, R. and 
	{Newberg}, H.~J. and {Nichol}, R.~C. and {Nicinski}, T. and 
	{Nonino}, M. and {Okada}, N. and {Okamura}, S. and {Ostriker}, J.~P. and 
	{Owen}, R. and {Pauls}, A.~G. and {Peoples}, J. and {Peterson}, R.~L. and 
	{Petravick}, D. and {Pier}, J.~R. and {Pope}, A. and {Pordes}, R. and 
	{Prosapio}, A. and {Rechenmacher}, R. and {Quinn}, T.~R. and 
	{Richards}, G.~T. and {Richmond}, M.~W. and {Rivetta}, C.~H. and 
	{Rockosi}, C.~M. and {Ruthmansdorfer}, K. and {Sandford}, D. and 
	{Schlegel}, D.~J. and {Schneider}, D.~P. and {Sekiguchi}, M. and 
	{Sergey}, G. and {Shimasaku}, K. and {Siegmund}, W.~A. and {Smee}, S. and 
	{Smith}, J.~A. and {Snedden}, S. and {Stone}, R. and {Stoughton}, C. and 
	{Strauss}, M.~A. and {Stubbs}, C. and {SubbaRao}, M. and {Szalay}, A.~S. and 
	{Szapudi}, I. and {Szokoly}, G.~P. and {Thakar}, A.~R. and {Tremonti}, C. and 
	{Tucker}, D.~L. and {Uomoto}, A. and {Vanden Berk}, D. and {Vogeley}, M.~S. and 
	{Waddell}, P. and {Wang}, S.-i. and {Watanabe}, M. and {Weinberg}, D.~H. and 
	{Yanny}, B. and {Yasuda}, N. and {SDSS Collaboration}},
    title = "{The Sloan Digital Sky Survey: Technical Summary}",
  journal = {\aj},
   eprint = {arXiv:astro-ph/0006396},
 keywords = {Cosmology: Observations, Instrumentation: Miscellaneous},
     year = 2000,
    month = sep,
   volume = 120,
    pages = {1579-1587},
      doi = {10.1086/301513},
   adsurl = {http://adsabs.harvard.edu/abs/2000AJ....120.1579Y},
  adsnote = {Provided by the SAO/NASA Astrophysics Data System}
}

@ARTICLE{edr,
   author = {{Rozo}, E. and {Wu}, H.-Y. and {Schmidt}, F.},
    title = "{Stacked Weak Lensing Mass Calibration: Estimators, Systematics, and Impact on Cosmological Parameter Constraints}",
  journal = {\apj},
archivePrefix = "arXiv",
   eprint = {1009.0756},
 primaryClass = "astro-ph.CO",
 keywords = {cosmology: miscellaneous, galaxies: clusters: general},
     year = 2011,
    month = jul,
   volume = 735,
      eid = {118},
    pages = {118},
      doi = {10.1088/0004-637X/735/2/118},
   adsurl = {http://adsabs.harvard.edu/abs/2011ApJ...735..118R},
  adsnote = {Provided by the SAO/NASA Astrophysics Data System}
}

@ARTICLE{Gruen_s,
   author = {{Gruen}, D. and {Seitz}, S. and {Kosyra}, R. and {Brimioulle}, F. and 
	{Koppenhoefer}, J. and {Lee}, C.-H. and {Bender}, R. and {Riffeser}, A. and 
	{Eichner}, T. and {Weidinger}, T. and {Bierschenk}, M.},
    title = "{Weak lensing analysis of SZ-selected clusters of galaxies from the SPT and Planck surveys}",
  journal = {ArXiv e-prints},
archivePrefix = "arXiv",
   eprint = {1310.6744},
 primaryClass = "astro-ph.CO",
 keywords = {Astrophysics - Cosmology and Extragalactic Astrophysics},
     year = 2013,
    month = oct,
   adsurl = {http://adsabs.harvard.edu/abs/2013arXiv1310.6744G},
  adsnote = {Provided by the SAO/NASA Astrophysics Data System}
}

@ARTICLE{Gruen2,
   author = {{Gruen}, D. and {Brimioulle}, F. and {Seitz}, S. and {Lee}, C.-H. and 
	{Young}, J. and {Koppenhoefer}, J. and {Eichner}, T. and {Riffeser}, A. and 
	{Vikram}, V. and {Weidinger}, T. and {Zenteno}, A.},
    title = "{Weak lensing analysis of RXC J2248.7-4431}",
  journal = {\mnras},
archivePrefix = "arXiv",
   eprint = {1304.0764},
 keywords = {gravitational lensing: strong, gravitational lensing: weak, galaxies: clusters: individual: RXC J2248.7-4431, dark matter},
     year = 2013,
    month = jun,
   volume = 432,
    pages = {1455-1467},
      doi = {10.1093/mnras/stt566},
   adsurl = {http://adsabs.harvard.edu/abs/2013MNRAS.432.1455G},
  adsnote = {Provided by the SAO/NASA Astrophysics Data System}
}

@ARTICLE{oguri,
   author = {{Oguri}, M. and {Takada}, M.},
    title = "{Combining cluster observables and stacked weak lensing to probe dark energy: Self-calibration of systematic uncertainties}",
  journal = {\prd},
archivePrefix = "arXiv",
   eprint = {1010.0744},
 primaryClass = "astro-ph.CO",
 keywords = {Dark energy, Gravitational lenses and luminous arcs, Galaxy clusters},
     year = 2011,
    month = jan,
   volume = 83,
   number = 2,
      eid = {023008},
    pages = {023008},
      doi = {10.1103/PhysRevD.83.023008},
   adsurl = {http://adsabs.harvard.edu/abs/2011PhRvD..83b3008O},
  adsnote = {Provided by the SAO/NASA Astrophysics Data System}
}
@ARTICLE{Joerg,
   author = {{Dietrich}, J.~P. and {Zhang}, Y. and {Song}, J. and {Davis}, C.~P. and 
	{McKay}, T.~A. and {Baruah}, L. and {Becker}, M. and {Benoist}, C. and 
	{Busha}, M. and {da Costa}, L.~A.~N. and {Hao}, J. and {Maia}, M.~A.~G. and 
	{Miller}, C.~J. and {Ogando}, R. and {Romer}, A.~K. and {Rozo}, E. and 
	{Rykoff}, E. and {Wechsler}, R.},
    title = "{Orientation Bias of Optically Selected Galaxy Clusters and Its Impact on Stacked Weak Lensing Analyses}",
  journal = {ArXiv e-prints},
archivePrefix = "arXiv",
   eprint = {1405.2923},
 keywords = {Astrophysics - Cosmology and Nongalactic Astrophysics},
     year = 2014,
    month = may,
   adsurl = {http://adsabs.harvard.edu/abs/2014arXiv1405.2923D},
  adsnote = {Provided by the SAO/NASA Astrophysics Data System}
}

@INPROCEEDINGS{PSFex,
   author = {{Bertin}, E.},
    title = "{Automated Morphometry with SExtractor and PSFEx}",
booktitle = {Astronomical Data Analysis Software and Systems XX},
     year = 2011,
   series = {Astronomical Society of the Pacific Conference Series},
   volume = 442,
   editor = {{Evans}, I.~N. and {Accomazzi}, A. and {Mink}, D.~J. and {Rots}, A.~H.
	},
    month = jul,
    pages = {435},
   adsurl = {http://adsabs.harvard.edu/abs/2011ASPC..442..435B},
  adsnote = {Provided by the SAO/NASA Astrophysics Data System}
}

@ARTICLE{great3,
   author = {{Mandelbaum}, R. and {Rowe}, B. and {Armstrong}, R. and {Bard}, D. and 
	{Bertin}, E. and {Bosch}, J. and {Boutigny}, D. and {Courbin}, F. and 
	{Dawson}, W.~A. and {Donnarumma}, A. and {Fenech Conti}, I. and 
	{Gavazzi}, R. and {Gentile}, M. and {Gill}, M.~S.~S. and {Hogg}, D.~W. and 
	{Huff}, E.~M. and {Jee}, M.~J. and {Kacprzak}, T. and {Kilbinger}, M. and 
	{Kuntzer}, T. and {Lang}, D. and {Luo}, W. and {March}, M.~C. and 
	{Marshall}, P.~J. and {Meyers}, J.~E. and {Miller}, L. and {Miyatake}, H. and 
	{Nakajima}, R. and {Ngole Mboula}, F.~M. and {Nurbaeva}, G. and 
	{Okura}, Y. and {Paulin-Henriksson}, S. and {Rhodes}, J. and 
	{Schneider}, M.~D. and {Shan}, H. and {Sheldon}, E.~S. and {Simet}, M. and 
	{Starck}, J.-L. and {Sureau}, F. and {Tewes}, M. and {Zarb Adami}, K. and 
	{Zhang}, J. and {Zuntz}, J.},
    title = "{GREAT3 results I: systematic errors in shear estimation and the impact of real galaxy morphology}",
  journal = {ArXiv e-prints},
archivePrefix = "arXiv",
   eprint = {1412.1825},
 keywords = {Astrophysics - Cosmology and Nongalactic Astrophysics},
     year = 2014,
    month = dec,
   adsurl = {http://adsabs.harvard.edu/abs/2014arXiv1412.1825M},
  adsnote = {Provided by the SAO/NASA Astrophysics Data System}
}



@ARTICLE{Bernstein2014,
   author = {{Bernstein}, G.~M. and {Armstrong}, R.},
    title = "{Bayesian lensing shear measurement}",
  journal = {\mnras},
archivePrefix = "arXiv",
   eprint = {1304.1843},
 keywords = {gravitational lensing: weak, methods: data analysis},
     year = 2014,
    month = feb,
   volume = 438,
    pages = {1880-1893},
      doi = {10.1093/mnras/stt2326},
   adsurl = {http://adsabs.harvard.edu/abs/2014MNRAS.438.1880B},
  adsnote = {Provided by the SAO/NASA Astrophysics Data System}
}



@ARTICLE{Allen,
   author = {{Allen}, S.~W. and {Evrard}, A.~E. and {Mantz}, A.~B.},
    title = "{Cosmological Parameters from Observations of Galaxy Clusters}",
  journal = {\araa},
archivePrefix = "arXiv",
   eprint = {1103.4829},
 primaryClass = "astro-ph.CO",
     year = 2011,
    month = sep,
   volume = 49,
    pages = {409-470},
      doi = {10.1146/annurev-astro-081710-102514},
   adsurl = {http://adsabs.harvard.edu/abs/2011ARA%26A..49..409A},
  adsnote = {Provided by the SAO/NASA Astrophysics Data System}
}

@ARTICLE{Gruen14,
   author = {{Gruen}, D. and {Seitz}, S. and {Brimioulle}, F. and {Kosyra}, R. and 
	{Koppenhoefer}, J. and {Lee}, C.-H. and {Bender}, R. and {Riffeser}, A. and 
	{Eichner}, T. and {Weidinger}, T. and {Bierschenk}, M.},
    title = "{Weak lensing analysis of SZ-selected clusters of galaxies from the SPT and Planck surveys}",
  journal = {\mnras},
archivePrefix = "arXiv",
   eprint = {1310.6744},
 keywords = {gravitational lensing: weak, galaxies: clusters: general, cosmology: observations},
     year = 2014,
    month = aug,
   volume = 442,
    pages = {1507-1544},
      doi = {10.1093/mnras/stu949},
   adsurl = {http://adsabs.harvard.edu/abs/2014MNRAS.442.1507G},
  adsnote = {Provided by the SAO/NASA Astrophysics Data System}
}

@ARTICLE{VDLinden,
   author = {{von der Linden}, A. and {Mantz}, A. and {Allen}, S.~W. and 
	{Applegate}, D.~E. and {Kelly}, P.~L. and {Morris}, R.~G. and 
	{Wright}, A. and {Allen}, M.~T. and {Burchat}, P.~R. and {Burke}, D.~L. and 
	{Donovan}, D. and {Ebeling}, H.},
    title = "{Robust weak-lensing mass calibration of Planck galaxy clusters}",
  journal = {\mnras},
archivePrefix = "arXiv",
   eprint = {1402.2670},
 keywords = {gravitational lensing: weak, galaxies: clusters: general, cosmology: observations},
     year = 2014,
    month = sep,
   volume = 443,
    pages = {1973-1978},
      doi = {10.1093/mnras/stu1423},
   adsurl = {http://adsabs.harvard.edu/abs/2014MNRAS.443.1973V},
  adsnote = {Provided by the SAO/NASA Astrophysics Data System}
}



@ARTICLE{troughs,
   author = {{Gruen}, D. and {Friedrich}, O. and {Amara}, A. and {Bacon}, D. and 
	{Bonnett}, C. and {Hartley}, W. and {Jain}, B. and {Jarvis}, M. and 
	{Kacprzak}, T. and {Krause}, E. and {Mana}, A. and {Rozo}, E. and 
	{Rykoff}, E.~S. and {Seitz}, S. and {Sheldon}, E. and {Troxel}, M.~A. and 
	{Vikram}, V. and {Abbott}, T. and {Abdalla}, F.~B. and {Allam}, S. and 
	{Armstrong}, R. and {Banerji}, M. and {Bauer}, A.~H. and {Becker}, M.~R. and 
	{Benoit-Levy}, A. and {Bernstein}, G.~M. and {Bernstein}, R.~A. and 
	{Bertin}, E. and {Bridle}, S.~L. and {Brooks}, D. and {Buckley-Geer}, E. and 
	{Burke}, D.~L. and {Capozzi}, D. and {Carnero Rosell}, A. and 
	{Carrasco Kind}, M. and {Carretero}, J. and {Crocce}, M. and 
	{Cunha}, C.~E. and {D'Andrea}, C.~B. and {da Costa}, L.~N. and 
	{DePoy}, D.~L. and {Desai}, S. and {Diehl}, H.~T. and {Dietrich}, J.~P. and 
	{Doel}, P. and {Eifler}, T.~F. and {Fausti Neto}, A. and {Fernandez}, E. and 
	{Flaugher}, B. and {Fosalba}, P. and {Frieman}, J. and {Gerdes}, D.~W. and 
	{Gruendl}, R.~A. and {Gutierrez}, G. and {Honscheid}, K. and 
	{James}, D.~J. and {Kuehn}, K. and {Kuropatkin}, N. and {Lahav}, O. and 
	{Li}, T.~S. and {Lima}, M. and {Maia}, M.~A.~G. and {March}, M. and 
	{Martini}, P. and {Melchior}, P. and {Miller}, C.~J. and {Miquel}, R. and 
	{Mohr}, J.~J. and {Nord}, B. and {Ogando}, R. and {Plazas}, A.~A. and 
	{Reil}, K. and {Romer}, A.~K. and {Roodman}, A. and {Sako}, M. and 
	{Sanchez}, E. and {Scarpine}, V. and {Schubnell}, M. and {Sevilla-Noarbe}, I. and 
	{Smith}, R.~C. and {Soares-Santos}, M. and {Sobreira}, F. and 
	{Suchyta}, E. and {Swanson}, M.~E.~C. and {Tarle}, G. and {Thaler}, J. and 
	{Thomas}, D. and {Walker}, A.~R. and {Wechsler}, R.~H. and {Weller}, J. and 
	{Zhang}, Y. and {Zuntz}, J.},
    title = "{Weak lensing by galaxy troughs in DES Science Verification data}",
  journal = {ArXiv e-prints},
archivePrefix = "arXiv",
   eprint = {1507.05090},
 keywords = {Astrophysics - Cosmology and Nongalactic Astrophysics},
     year = 2015,
    month = jul,
   adsurl = {http://adsabs.harvard.edu/abs/2015arXiv150705090G},
  adsnote = {Provided by the SAO/NASA Astrophysics Data System}
}


@ARTICLE{becker,
   author = {{Becker}, M.~R. and {Troxel}, M.~A. and {MacCrann}, N. and {Krause}, E. and 
	{Eifler}, T.~F. and {Friedrich}, O. and {Nicola}, A. and {Refregier}, A. and 
	{Amara}, A. and {Bacon}, D. and {Bernstein}, G.~M. and {Bonnett}, C. and 
	{Bridle}, S.~L. and {Busha}, M.~T. and {Chang}, C. and {Dodelson}, S. and 
	{Erickson}, B. and {Evrard}, A.~E. and {Frieman}, J. and {Gaztanaga}, E. and 
	{Gruen}, D. and {Hartley}, W. and {Jain}, B. and {Jarvis}, M. and 
	{Kacprzak}, T. and {Kirk}, D. and {Kravtsov}, A. and {Leistedt}, B. and 
	{Rykoff}, E.~S. and {Sabiu}, C. and {Sanchez}, C. and {Seo}, H. and 
	{Sheldon}, E. and {Wechsler}, R.~H. and {Zuntz}, J. and {Abbott}, T. and 
	{Abdalla}, F.~B. and {Allam}, S. and {Armstrong}, R. and {Banerji}, M. and 
	{Bauer}, A.~H. and {Benoit-Levy}, A. and {Bertin}, E. and {Brooks}, D. and 
	{Buckley-Geer}, E. and {Burke}, D.~L. and {Capozzi}, D. and 
	{Carnero Rosell}, A. and {Carrasco Kind}, M. and {Carretero}, J. and 
	{Castander}, F.~J. and {Crocce}, M. and {Cunha}, C.~E. and {D'Andrea}, C.~B. and 
	{da Costa}, L.~N. and {DePoy}, D.~L. and {Desai}, S. and {Diehl}, H.~T. and 
	{Dietrich}, J.~P. and {Doel}, P. and {Fausti Neto}, A. and {Fernandez}, E. and 
	{Finley}, D.~A. and {Flaugher}, B. and {Fosalba}, P. and {Gerdes}, D.~W. and 
	{Gruendl}, R.~A. and {Gutierrez}, G. and {Honscheid}, K. and 
	{James}, D.~J. and {Kuehn}, K. and {Kuropatkin}, N. and {Lahav}, O. and 
	{Li}, T.~S. and {Lima}, M. and {Maia}, M.~A.~G. and {March}, M. and 
	{Martini}, P. and {Melchior}, P. and {Miller}, C.~J. and {Miquel}, R. and 
	{Mohr}, J.~J. and {Nichol}, R.~C. and {Nord}, B. and {Ogando}, R. and 
	{Plazas}, A.~A. and {Reil}, K. and {Romer}, A.~K. and {Roodman}, A. and 
	{Sako}, M. and {Sanchez}, E. and {Scarpine}, V. and {Schubnell}, M. and 
	{Sevilla-Noarbe}, I. and {Smith}, R.~C. and {Soares-Santos}, M. and 
	{Sobreira}, F. and {Suchyta}, E. and {Swanson}, M.~E.~C. and 
	{Tarle}, G. and {Thaler}, J. and {Thomas}, D. and {Vikram}, V. and 
	{Walker}, A.~R. and {The DES Collaboration}},
    title = "{Cosmic Shear Measurements with DES Science Verification Data}",
  journal = {ArXiv e-prints},
archivePrefix = "arXiv",
   eprint = {1507.05598},
 keywords = {Astrophysics - Cosmology and Nongalactic Astrophysics},
     year = 2015,
    month = jul,
   adsurl = {http://adsabs.harvard.edu/abs/2015arXiv150705598B},
  adsnote = {Provided by the SAO/NASA Astrophysics Data System}
}



@ARTICLE{jarvis,
   author = {{Jarvis}, M. and {Sheldon}, E. and {Zuntz}, J. and {Kacprzak}, T. and 
	{Bridle}, S.~L. and {Amara}, A. and {Armstrong}, R. and {Becker}, M.~R. and 
	{Bernstein}, G.~M. and {Bonnett}, C. and {Chang}, C. and {Das}, R. and 
	{Dietrich}, J.~P. and {Drlica-Wagner}, A. and {Eifler}, T.~F. and 
	{Gangkofner}, C. and {Gruen}, D. and {Hirsch}, M. and {Huff}, E.~M. and 
	{Jain}, B. and {Kent}, S. and {Kirk}, D. and {MacCrann}, N. and 
	{Melchior}, P. and {Plazas}, A.~A. and {Refregier}, A. and {Rowe}, B. and 
	{Rykoff}, E.~S. and {Samuroff}, S. and {S{\'a}nchez}, C. and 
	{Suchyta}, E. and {Troxel}, M.~A. and {Vikram}, V. and {Abbott}, T. and 
	{Abdalla}, F.~B. and {Allam}, S. and {Annis}, J. and {Benoit-L{\'e}vy}, A. and 
	{Bertin}, E. and {Brooks}, D. and {Buckley-Geer}, E. and {Burke}, D.~L. and 
	{Capozzi}, D. and {Carnero Rosell}, A. and {Carrasco Kind}, M. and 
	{Carretero}, J. and {Castander}, F.~J. and {Crocce}, M. and 
	{Cunha}, C.~E. and {D'Andrea}, C.~B. and {da Costa}, L.~N. and 
	{DePoy}, D.~L. and {Desai}, S. and {Diehl}, H.~T. and {Doel}, P. and 
	{Fausti Neto}, A. and {Flaugher}, B. and {Fosalba}, P. and {Frieman}, J. and 
	{Gaztanaga}, E. and {Gerdes}, D.~W. and {Gruendl}, R.~A. and 
	{Gutierrez}, G. and {Honscheid}, K. and {James}, D.~J. and {Kuehn}, K. and 
	{Kuropatkin}, N. and {Lahav}, O. and {Li}, T.~S. and {Lima}, M. and 
	{March}, M. and {Martini}, P. and {Miquel}, R. and {Mohr}, J.~J. and 
	{Neilsen}, E. and {Nord}, B. and {Ogando}, R. and {Reil}, K. and 
	{Romer}, A.~K. and {Roodman}, A. and {Sako}, M. and {Sanchez}, E. and 
	{Scarpine}, V. and {Schubnell}, M. and {Sevilla-Noarbe}, I. and 
	{Smith}, R.~C. and {Soares-Santos}, M. and {Sobreira}, F. and 
	{Swanson}, M.~E.~C. and {Tarle}, G. and {Thaler}, J. and {Thomas}, D. and 
	{Walker}, A.~R. and {Wechsler}, R.~H.},
    title = "{The DES Science Verification Weak Lensing Shear Catalogs}",
  journal = {ArXiv e-prints},
archivePrefix = "arXiv",
   eprint = {1507.05603},
 primaryClass = "astro-ph.IM",
 keywords = {Astrophysics - Instrumentation and Methods for Astrophysics, Astrophysics - Cosmology and Nongalactic Astrophysics},
     year = 2015,
    month = jul,
   adsurl = {http://adsabs.harvard.edu/abs/2015arXiv150705603J},
  adsnote = {Provided by the SAO/NASA Astrophysics Data System}
}




@ARTICLE{vikram,
   author = {{Vikram}, V. and {Chang}, C. and {Jain}, B. and {Bacon}, D. and 
	{Amara}, A. and {Becker}, M.~R. and {Bernstein}, G. and {Bonnett}, C. and 
	{Bridle}, S. and {Brout}, D. and {Busha}, M. and {Frieman}, J. and 
	{Gaztanaga}, E. and {Hartley}, W. and {Jarvis}, M. and {Kacprzak}, T. and 
	{Kov{\'a}cs}, A. and {Lahav}, O. and {Leistedt}, B. and {Lin}, H. and 
	{Melchior}, P. and {Peiris}, H. and {Rozo}, E. and {Rykoff}, E. and 
	{S{\'a}nchez}, C. and {Sheldon}, E. and {Troxel}, M.~A. and 
	{Wechsler}, R. and {Zuntz}, J. and {Abbott}, T. and {Abdalla}, F.~B. and 
	{Armstrong}, R. and {Banerji}, M. and {Bauer}, A.~H. and {Benoit-L{\'e}vy}, A. and 
	{Bertin}, E. and {Brooks}, D. and {Buckley-Geer}, E. and {Burke}, D.~L. and 
	{Capozzi}, D. and {Carnero Rosell}, A. and {Carrasco Kind}, M. and 
	{Castander}, F.~J. and {Crocce}, M. and {Cunha}, C.~E. and {D'Andrea}, C.~B. and 
	{da Costa}, L.~N. and {DePoy}, D.~L. and {Desai}, S. and {Diehl}, H.~T. and 
	{Dietrich}, J.~P. and {Estrada}, J. and {Evrard}, A.~E. and 
	{Fausti Neto}, A. and {Fernandez}, E. and {Flaugher}, B. and 
	{Fosalba}, P. and {Gerdes}, D. and {Gruen}, D. and {Gruendl}, R.~A. and 
	{Honscheid}, K. and {James}, D. and {Kent}, S. and {Kuehn}, K. and 
	{Kuropatkin}, N. and {Li}, T.~S. and {Maia}, M.~A.~G. and {Makler}, M. and 
	{March}, M. and {Marshall}, J. and {Martini}, P. and {Merritt}, K.~W. and 
	{Miller}, C.~J. and {Miquel}, R. and {Neilsen}, E. and {Nichol}, R.~C. and 
	{Nord}, B. and {Ogando}, R. and {Plazas}, A.~A. and {Romer}, A.~K. and 
	{Roodman}, A. and {Sanchez}, E. and {Scarpine}, V. and {Sevilla}, I. and 
	{Smith}, R.~C. and {Soares-Santos}, M. and {Sobreira}, F. and 
	{Suchyta}, E. and {Swanson}, M.~E.~C. and {Tarle}, G. and {Thaler}, J. and 
	{Thomas}, D. and {Walker}, A.~R. and {Weller}, J.},
    title = "{Wide-field lensing mass maps from Dark Energy Survey science verification data: Methodology and detailed analysis}",
  journal = {\prd},
archivePrefix = "arXiv",
   eprint = {1504.03002},
 keywords = {Astronomical catalogs atlases sky surveys databases retrieval systems archives etc., Visible, Cosmology},
     year = 2015,
    month = jul,
   volume = 92,
   number = 2,
      eid = {022006},
    pages = {022006},
      doi = {10.1103/PhysRevD.92.022006},
   adsurl = {http://adsabs.harvard.edu/abs/2015PhRvD..92b2006V},
  adsnote = {Provided by the SAO/NASA Astrophysics Data System}
}



@ARTICLE{chang,
   author = {{Chang}, C. and {Vikram}, V. and {Jain}, B. and {Bacon}, D. and 
	{Amara}, A. and {Becker}, M.~R. and {Bernstein}, G. and {Bonnett}, C. and 
	{Bridle}, S. and {Brout}, D. and {Busha}, M. and {Frieman}, J. and 
	{Gaztanaga}, E. and {Hartley}, W. and {Jarvis}, M. and {Kacprzak}, T. and 
	{Kov{\'a}cs}, A. and {Lahav}, O. and {Lin}, H. and {Melchior}, P. and 
	{Peiris}, H. and {Rozo}, E. and {Rykoff}, E. and {S{\'a}nchez}, C. and 
	{Sheldon}, E. and {Troxel}, M.~A. and {Wechsler}, R. and {Zuntz}, J. and 
	{Abbott}, T. and {Abdalla}, F.~B. and {Allam}, S. and {Annis}, J. and 
	{Bauer}, A.~H. and {Benoit-L{\'e}vy}, A. and {Brooks}, D. and 
	{Buckley-Geer}, E. and {Burke}, D.~L. and {Capozzi}, D. and 
	{Carnero Rosell}, A. and {Carrasco Kind}, M. and {Castander}, F.~J. and 
	{Crocce}, M. and {D'Andrea}, C.~B. and {Desai}, S. and {Diehl}, H.~T. and 
	{Dietrich}, J.~P. and {Doel}, P. and {Eifler}, T.~F. and {Evrard}, A.~E. and 
	{Fausti Neto}, A. and {Flaugher}, B. and {Fosalba}, P. and {Gruen}, D. and 
	{Gruendl}, R.~A. and {Gutierrez}, G. and {Honscheid}, K. and 
	{James}, D. and {Kent}, S. and {Kuehn}, K. and {Kuropatkin}, N. and 
	{Maia}, M.~A.~G. and {March}, M. and {Martini}, P. and {Merritt}, K.~W. and 
	{Miller}, C.~J. and {Miquel}, R. and {Neilsen}, E. and {Nichol}, R.~C. and 
	{Ogando}, R. and {Plazas}, A.~A. and {Romer}, A.~K. and {Roodman}, A. and 
	{Sako}, M. and {Sanchez}, E. and {Sevilla}, I. and {Smith}, R.~C. and 
	{Soares-Santos}, M. and {Sobreira}, F. and {Suchyta}, E. and 
	{Tarle}, G. and {Thaler}, J. and {Thomas}, D. and {Tucker}, D. and 
	{Walker}, A.~R.},
    title = "{Wide-Field Lensing Mass Maps from Dark Energy Survey Science Verification Data}",
  journal = {Physical Review Letters},
archivePrefix = "arXiv",
   eprint = {1505.01871},
 keywords = {Gravitational lenses and luminous arcs, Astronomical catalogs atlases sky surveys databases retrieval systems archives etc., Visible, Galaxy groups clusters and superclusters, large scale structure of the Universe},
     year = 2015,
    month = jul,
   volume = 115,
   number = 5,
      eid = {051301},
    pages = {051301},
      doi = {10.1103/PhysRevLett.115.051301},
   adsurl = {http://adsabs.harvard.edu/abs/2015PhRvL.115e1301C},
  adsnote = {Provided by the SAO/NASA Astrophysics Data System}
}



